001732543 FMT   L BK
001732543 LDR   L 01235cam^^2200373^a^4500
001732543 BAS   L $$a01
001732543 005   L $$a20090409124927.0
001732543 008   L 000926s2000^^^^coua^^^^^b^^^^001^0^eng^^
001732543 010   L $$a00109364
001732543 020   L $$a0966440110 (acid-free paper)
001732543 020   L $$a9780966440119 (acid-free paper)
001732543 035   L $$a(OCoLC)ocm47126315$$z(OCoLC)47126315
001732543 040   L $$aDLC$$cDLC$$dBAKER$$dBTCTA$$dYDXCP
001732543 0410  L $$aeng
001732543 044   L $$acou
001732543 05000 L $$aTN271.P4$$bN4797 2000
001732543 08200 L $$a622/.1828$$221
001732543 09801 L $$a622.323
001732543 1001  L $$aNewendorp, Paul D.
001732543 24510 L $$aDecision analysis for petroleum exploration
001732543 250   L $$a2nd ed.$$bPaul Newendorp, John Schuyler
001732543 260   L $$aAurora, Colo.$$bPlanning Press$$cc2000
001732543 300   L $$avi, 606 p.$$bill.$$c26 cm
001732543 504   L $$aIncludes bibliographical references (p. 583-601) and index
001732543 650 0 L $$aPetroleum$$xProspecting$$xEconomic aspects
001732543 650 0 L $$aDecision making
001732543 650 0 L $$aRisk assessment
001732543 650 7 L $$aPETRÓLEO (EXPLORAÇÃO)$$2larpcal
001732543 7001  L $$aSchuyler, John
001732543 945   L $$aL$$bLIVRO$$c01
001732543 XPT   L $$aOCLC$$b039926
001732543 CAT   L $$aGJUNKO$$b10$$c20090409$$lUSP01$$h0000
001732543 CAT   L $$aOCLCCOP$$b10$$c20090424$$lUSP01$$h0000
001732543 CAT   L $$c20100217$$lUSP01$$h0138
001732543 CAT   L $$c20100217$$lUSP01$$h1746
001732543 CAT   L $$c20100222$$lUSP01$$h2105
001732543 CAT   L $$c20100303$$lUSP01$$h1730
001732543 CAT   L $$c20100401$$lUSP01$$h2221
001732543 CAT   L $$c20110814$$lUSP01$$h0456
001732543 Z30-1 L $$lUSP01$$LUSP01$$mPA$$1EPBS$$AEP-Bib. Eng. Petróleo/Santos$$3622.323 N449d2$$6M117841$$531900000879$$820090413$$f10$$FCircula
001732543 001   L 001732543